<?xml version="1.0" encoding="UTF-8"?><collection xmlns="http://www.loc.gov/MARC21/slim"><record><leader>00460nam--2200169-i-4500</leader><controlfield tag="001">000014104</controlfield><controlfield tag="002">20161230</controlfield><controlfield tag="005">20170115221102</controlfield><controlfield tag="008">060222s1000------------r-----000-0-eng-d</controlfield><datafield ind1=" " ind2=" " tag="080"><subfield code="a">519.876</subfield></datafield><datafield ind1=" " ind2=" " tag="100"><subfield code="a">Birtwistle, G. M</subfield></datafield><datafield ind1=" " ind2=" " tag="245"><subfield code="a">Demos. A system for discrete event modelling on simula</subfield></datafield><datafield ind1=" " ind2=" " tag="260"><subfield code="a">London</subfield><subfield code="b">Macmillan Press Ltd</subfield><subfield code="c">1979</subfield></datafield><datafield ind1=" " ind2=" " tag="300"><subfield code="a">214 p</subfield></datafield><datafield ind1=" " ind2=" " tag="490"><subfield code="a">Macmillan Computer Sciences Series</subfield></datafield><datafield ind1=" " ind2=" " tag="852"><subfield code="a">49940</subfield></datafield><datafield ind1=" " ind2=" " tag="CAT"><subfield code="a">SYS</subfield><subfield code="c">20170115</subfield><subfield code="h">221102</subfield></datafield></record></collection>